@book {MR4180684,
    AUTHOR = {Hug, Daniel and Weil, Wolfgang},
     TITLE = {Lectures on convex geometry},
    SERIES = {Graduate Texts in Mathematics},
    VOLUME = {286},
 PUBLISHER = {Springer, Cham},
      YEAR = {[2020] \copyright 2020},
     PAGES = {xviii+287},
      ISBN = {978-3-030-50180-8; 978-3-030-50179-2},
   MRCLASS = {52A20 (52-01)},
  MRNUMBER = {4180684},
MRREVIEWER = {Daniel\ John\ Fresen},
       DOI = {10.1007/978-3-030-50180-8},
       URL = {https://doi.org/10.1007/978-3-030-50180-8},
}

@book {MR3223042,
    AUTHOR = {Gu\'{e}don, Olivier and Nayar, Piotr and Tkocz, Tomasz and
              Ryabogin, Dmitry and Zvavitch, Artem},
     TITLE = {Analytical and probabilistic methods in the geometry of convex
              bodies},
    SERIES = {IMPAN Lecture Notes},
    VOLUME = {2},
 PUBLISHER = {Polish Academy of Sciences, Institute of Mathematics, Warsaw},
      YEAR = {2014},
     PAGES = {183},
      ISBN = {978-83-86806-24-9},
   MRCLASS = {52-06 (52-02 52A20 52A22)},
  MRNUMBER = {3223042},
}
